<record><leader>00000cas a22000007a 4500</leader><controlfield tag="001">40357360</controlfield><controlfield tag="008">981120d19uu1983caudn ne      0    0eng d</controlfield><datafield ind1=" " ind2=" " tag="010"><subfield code="a">sn 98061892 </subfield></datafield><datafield ind1=" " ind2=" " tag="040"><subfield code="a">CNK</subfield><subfield code="b">eng</subfield><subfield code="c">CNK</subfield><subfield code="d">OCLCQ</subfield><subfield code="d">OCLCF</subfield><subfield code="d">OCLCO</subfield></datafield><datafield ind1="1" ind2=" " tag="029"><subfield code="a">AU@</subfield><subfield code="b">000024787046</subfield></datafield><datafield ind1=" " ind2=" " tag="042"><subfield code="a">msc</subfield></datafield><datafield ind1=" " ind2=" " tag="043"><subfield code="a">n-us-ca</subfield></datafield><datafield ind1="0" ind2="0" tag="245"><subfield code="a">San Jose news.</subfield></datafield><datafield ind1="3" ind2=" " tag="246"><subfield code="a">San Jose Mercury news</subfield></datafield><datafield ind1="3" ind2=" " tag="246"><subfield code="a">San Jose Mercury, San Jose news</subfield></datafield><datafield ind1="3" ind2=" " tag="246"><subfield code="a">Sunday Mercury news</subfield></datafield><datafield ind1=" " ind2=" " tag="260"><subfield code="a">San Jose, Calif. :</subfield><subfield code="b">J.B. Ridder</subfield></datafield><datafield ind1=" " ind2=" " tag="300"><subfield code="a">v.</subfield></datafield><datafield ind1=" " ind2=" " tag="310"><subfield code="a">Daily (except Sun.)</subfield></datafield><datafield ind1="0" ind2=" " tag="362"><subfield code="a">-132nd year, no. 35 (Aug. 28, 1983).</subfield></datafield><datafield ind1=" " ind2=" " tag="500"><subfield code="a">On Saturday and Sunday published as: San Jose Mercury news; Sat.: Jan. 3, 1976-Aug. 27, 1983; Sun.: Nov. 1, 1981-Aug. 28, 1983.</subfield></datafield><datafield ind1=" " ind2=" " tag="500"><subfield code="a">On Sunday published as: Sunday Mercury news, &lt;Jan. 7, 1973&gt;-Oct. 25, 1981.</subfield></datafield><datafield ind1=" " ind2=" " tag="500"><subfield code="a">On holidays combined issues called: San Jose Mercury, San Jose news, Dec. 25, 1972-Jan. 1, 1976.</subfield></datafield><datafield ind1=" " ind2=" " tag="500"><subfield code="a">Published in several geographic editions 1977-1983.</subfield></datafield><datafield ind1=" " ind2=" " tag="515"><subfield code="a">Saturday and Sunday issues carry own numbering.</subfield></datafield><datafield ind1=" " ind2=" " tag="588"><subfield code="a">Description based on: Vol. 179, no. 139 (Jan. 1, 1973) = 122nd year, no. 162.</subfield></datafield><datafield ind1=" " ind2="0" tag="651"><subfield code="a">San Jose (Calif.)</subfield><subfield code="v">Newspapers.</subfield></datafield><datafield ind1=" " ind2="7" tag="655"><subfield code="a">Newspapers.</subfield><subfield code="2">fast</subfield><subfield code="0">(OCoLC)fst01423814</subfield></datafield><datafield ind1=" " ind2="7" tag="651"><subfield code="a">California</subfield><subfield code="z">San Jose.</subfield><subfield code="2">fast</subfield><subfield code="0">(OCoLC)fst01206320</subfield></datafield><datafield ind1=" " ind2=" " tag="752"><subfield code="a">United States</subfield><subfield code="b">California</subfield><subfield code="c">Santa Clara</subfield><subfield code="d">San Jose.</subfield></datafield><datafield ind1="0" ind2="7" tag="785"><subfield code="t">San Jose Mercury (San Jose, Calif. : 1950)</subfield><subfield code="w">(DLC)sn 82015709</subfield></datafield><datafield ind1="0" ind2="7" tag="785"><subfield code="t">San Jose Mercury-news</subfield><subfield code="w">(DLC)sn 84020283</subfield></datafield></record>